<record><leader>00000cas a22000007a 4500</leader><controlfield tag="001">23169454</controlfield><controlfield tag="008">910228d19791991mauwr ne      0    0eng d</controlfield><datafield ind1=" " ind2=" " tag="010"><subfield code="a">sn 91057017 </subfield></datafield><datafield ind1=" " ind2=" " tag="040"><subfield code="a">MGN</subfield><subfield code="b">eng</subfield><subfield code="c">MGN</subfield><subfield code="d">OCLCQ</subfield></datafield><datafield ind1=" " ind2=" " tag="042"><subfield code="a">msc</subfield></datafield><datafield ind1="0" ind2=" " tag="130"><subfield code="a">Stoughton chronicle (Stoughton, Mass. : 1979)</subfield></datafield><datafield ind1="1" ind2="0" tag="245"><subfield code="a">Stoughton chronicle.</subfield></datafield><datafield ind1=" " ind2=" " tag="260"><subfield code="a">Stoughton, Mass. :</subfield><subfield code="b">Bulletin Pub. Co.</subfield></datafield><datafield ind1=" " ind2=" " tag="300"><subfield code="a">v.</subfield></datafield><datafield ind1=" " ind2=" " tag="310"><subfield code="a">Weekly</subfield></datafield><datafield ind1="0" ind2=" " tag="362"><subfield code="a">Vol. 118, no. 43 (Oct. 25, 1979)-v. 130, no. 29 (July 24, 1991).</subfield></datafield><datafield ind1=" " ind2=" " tag="752"><subfield code="a">United States</subfield><subfield code="b">Massachusetts</subfield><subfield code="c">Norfolk</subfield><subfield code="d">Stoughton.</subfield></datafield><datafield ind1="0" ind2="0" tag="780"><subfield code="t">Stoughton chronicle and news-sentinel (Stoughton, Mass. : 1953)</subfield><subfield code="w">(DLC)sn 91057016</subfield></datafield><datafield ind1="0" ind2="0" tag="785"><subfield code="t">Stoughton chronicle and news-sentinel (Stoughton, Mass. : 1991)</subfield><subfield code="w">(DLC)sn 93058817</subfield></datafield></record>